@article{tso_white_jouet_singer_pezaros_2013,
author={Tso, Fung Po and White, David R. and Jouet, Simon and Singer, Jeremy and Pezaros, Dimitrios P.},
title={{The Glasgow Raspberry Pi Cloud}: A Scale Model for Cloud Computing Infrastructures},
url={http://ieeexplore.ieee.org/xpls/abs_all.jsp?arnumber=6679872&tag=1},
urldate={2016-2-25},
DOI={10.1109/icdcsw.2013.25},
journal={2013 IEEE 33rd International Conference on Distributed Computing Systems Workshops},
year={2013}
},

@article{kaup_gottschling_hausheer_2014,
author={Kaup, Fabian and Gottschling, Philip and Hausheer, David},
title={PowerPi: Measuring and modeling the power consumption of the {Raspberry Pi}},
url={http://ieeexplore.ieee.org/xpls/abs_all.jsp?arnumber=6925777},
urldate={2016-2-25},
DOI={10.1109/lcn.2014.6925777},
journal={39th Annual IEEE Conference on Local Computer Networks},
year={2014}
},

@article{abrahamsson_et_al_2013,
author={Abrahamsson, Pekka and Helmer, Sven and Phaphoom, Nattakarn and Nicolodi, Lorenzo and Preda, Nick and Miori, Lorenzo and Angriman, Matteo and Rikkila, Juha and Wang, Xiaofeng and Hamily, Karim et al.},
title={Affordable and Energy-Efficient Cloud Computing Clusters: The {Bolzano Raspberry Pi} Cloud Cluster Experiment},
url={http://ieeexplore.ieee.org/xpls/abs_all.jsp?arnumber=6735414},
urldate={2016-2-25},
DOI={10.1109/cloudcom.2013.121},
journal={2013 IEEE 5th International Conference on Cloud Computing Technology and Science},
year={2013}
},

@article{nunes_et_al_2014,
author={Nunes, Luiz Henrique and Nakamura, Luis Hideo Vasconcelos and Vieira, Heitor De Freitas and Libardi, Rafael Mira De Oliveira and Oliveira, Edvard Martins De and Adami, Lucas Junqueira and Estrella, Julio Cezar and Reiff-Marganiec, Stephan},
title={A Study Case of Restful Frameworks in {Raspberry Pi}: A Performance and Energy Overview},
url={http://ieeexplore.ieee.org/xpl/articleDetails.jsp?reload=true&arnumber=6928976},
urldate={2016-2-25},
DOI={10.1109/icws.2014.115},
journal={2014 IEEE International Conference on Web Services},
year={2014}
},

@article{pfalzgraf_driscoll_2014,
author={Pfalzgraf, Aaron M. and Driscoll, Joseph A.},
title={A low-cost computer cluster for high-performance computing education},
url={http://ieeexplore.ieee.org/xpls/abs_all.jsp?arnumber=6871791},
urldate={2016-2-25},
DOI={10.1109/eit.2014.6871791},
journal={IEEE International Conference on Electro/Information Technology},
year={2014}
},

@article{cox_cox_boardman_johnston_scott_o’brien_2013,
author={Cox, Simon J. and Cox, James T. and Boardman, Richard P. and Johnston, Steven J. and Scott, Mark and O’Brien, Neil S.},
title={Iridis-pi: a low-cost, compact demonstration cluster},
volume={17},
url={http://link.springer.com/article/10.1007%2Fs10586-013-0282-7},
urldate={2016-2-25},
DOI={10.1007/s10586-013-0282-7},
number={2},
journal={Cluster Computing},
year={2013},
pages={349-358}
},

@misc{pallister_hollis_bennett_2012,
author={Pallister, James and Hollis, Simon and Bennett, Jeremy},
title={Impact of different D options on energy consumption},
year={2012}
},

@misc{pallister_2014,
author={Pallister, James},
title={Energy Measurement Infrastructure},
%url={http://mageec.org/2014/04/23/energy-measurement-infrastructure/},
urldate={2016-2-25},
journal={Mageec.org},
year={2014}
},

@misc{white_2013,
author={White, David R.},
title={A {Raspberry Pi} Cloud},
url={https://raspberrypicloud.wordpress.com/},
urldate={2016-2-26},
journal={The University of Glasgow's Raspberry Pi Project},
year={2013}
},

@misc{walker_2015,
author={Walker, Jim},
title={HOW TO: {Kubernetes} Multi-node on {Raspberry Pi} 2s},
url={https://raspberrypicloud.wordpress.com/2015/08/11/how-to-kubernetes-multi-node-on-raspberry-pi-2s/},
urldate={2016-2-26},
journal={The University of Glasgow's Raspberry Pi Project},
year={2015}
},

@misc{mcwha_2016,
author={McWha, H.},
title={{Kubernetes Dashboard} Run as {Docker} Image on {Raspberry Pi} 2.},
url={https://raspberrypicloud.wordpress.com/2016/01/19/kubernetes-dashboard-run-as-docker-image-on-raspberry-pi-2/}, urldate={2016-2-26},
journal={The University of Glasgow's Raspberry Pi Project},
year={2016}
},

@article{zhang_cheng_boutaba_2010,
author={Zhang, Qi and Cheng, Lu and Boutaba, Raouf},
title={Cloud computing: state-of-the-art and research challenges},
volume={1},
url={http://link.springer.com/article/10.1007/s13174-010-0007-6},
urldate={2016-2-26},
DOI={10.1007/s13174-010-0007-6},
number={1},
journal={J Internet Serv Appl},
year={2010},
pages={7-18}
},

@article{dabbagh_hamdaoui_guizani_rayes_2015,
author={Dabbagh, Mehiar and Hamdaoui, Bechir and Guizani, Mohsen and Rayes, Ammar},
title={Toward energy-efficient cloud computing: Prediction, consolidation, and overcommitment},
volume={29},
urldate={2016-2-26}, 
DOI={10.1109/mnet.2015.7064904},
number={2},
journal={IEEE Network},
year={2015},
pages={56-61}
},

@article{kiepert_2013,
author={Kiepert, Joshua},
title={Creating a Raspberry Pi-Based Beowulf Cluster},
 url={http://coen.boisestate.edu/ece/files/2013/05/Creating.a.Raspberry.Pi-Based.Beowulf.Cluster_v2.pdf},
 urldate={2016-3-4},
 journal={Boise State University},
 year={2013}
 },